@BOOK{Cengel2012-bi,
  title    = "Termodin{\'a}mica",
  author   = "{\c C}engel, Yunus A",
  year     =  2012,
  language = "es"
}

@BOOK{Dash2014-jf,
  title     = "Engineering equation solver: Application to engineering and
               thermal engineering problems",
  author    = "Dash, Sukanta K",
  publisher = "Alpha Science International",
  year      =  2014,
  address   = "Oxford, Inglaterra"
}
